<record><leader>00000cas a22000007a 4500</leader><controlfield tag="001">12327999</controlfield><controlfield tag="008">850731d19061907iauwr ne      0    0eng d</controlfield><datafield ind1=" " ind2=" " tag="010"><subfield code="a">sn 85049699 </subfield></datafield><datafield ind1=" " ind2=" " tag="040"><subfield code="a">INP</subfield><subfield code="b">eng</subfield><subfield code="c">INP</subfield><subfield code="d">DLC</subfield><subfield code="d">INP</subfield><subfield code="d">OCLCQ</subfield></datafield><datafield ind1=" " ind2=" " tag="042"><subfield code="a">msc</subfield></datafield><datafield ind1="0" ind2="4" tag="245"><subfield code="a">The Central City herald.</subfield></datafield><datafield ind1=" " ind2=" " tag="260"><subfield code="a">Central City, Iowa :</subfield><subfield code="b">Henderson &amp; Bowman,</subfield><subfield code="c">-1907.</subfield></datafield><datafield ind1=" " ind2=" " tag="300"><subfield code="a">v. :</subfield><subfield code="b">ill. ;</subfield><subfield code="c">54 cm.</subfield></datafield><datafield ind1=" " ind2=" " tag="310"><subfield code="a">Weekly</subfield></datafield><datafield ind1="1" ind2=" " tag="362"><subfield code="a">Began in Dec. 1906.</subfield></datafield><datafield ind1="0" ind2=" " tag="362"><subfield code="a">-v. 1, no. 14 (Mar. 14, 1907).</subfield></datafield><datafield ind1=" " ind2=" " tag="588"><subfield code="a">Description based on: Vol. 1, no. 2 (Dec. 20, 1906).</subfield></datafield><datafield ind1=" " ind2=" " tag="752"><subfield code="a">United States</subfield><subfield code="b">Iowa</subfield><subfield code="c">Linn</subfield><subfield code="d">Central City.</subfield></datafield><datafield ind1="0" ind2="5" tag="780"><subfield code="t">Prairieburg news</subfield></datafield><datafield ind1="0" ind2="5" tag="780"><subfield code="t">Central City news-letter (Central City, Iowa : 1897)</subfield><subfield code="w">(DLC)sn 85049698</subfield></datafield><datafield ind1="0" ind2="0" tag="785"><subfield code="t">Central City news-letter (Central City, Iowa : 1907)</subfield><subfield code="w">(DLC)sn 85049700</subfield></datafield></record>